2548 4212
176 177 276 222 XV.
298 201 356 209 -
372 175 519 232 Epist.
539 176 580 218 ΙΙ
598 176 809 219 Anselmi
827 177 883 219 de
901 176 1236 220 Ribodimonte
1255 177 1315 219 ad
1331 177 1591 219 Manassem
1610 176 1815 233 archiep.
1835 176 2097 221 Remorum.
2193 180 2289 229 157

93 326 317 375 misterii,
352 340 446 382 quo
481 339 599 368 usus
635 327 711 368 est
744 325 928 369 Kohler
950 325 1138 383 (Revue
1171 324 1231 369 de
1262 324 1294 367 l‘
1315 324 1482 368 Orient
1514 324 1649 369 latin.
1683 324 1761 375 VI,
1795 324 1919 381 334).
1953 350 2007 354 —
2040 323 2082 366 1)
2106 340 2166 361 z
2187 323 2294 366 Edi-

103 388 172 432 tio
207 384 546 430 d'Acheriana
579 384 766 441 (spicil.
793 385 831 429 1.
855 385 932 430 ed.
962 389 997 430 t.
1020 384 1127 432 VH.
1157 398 1204 441 p.
1240 383 1348 435 191;
1381 384 1408 427 2
1432 384 1505 427 ed.
1539 387 1574 428 t.
1604 384 1670 428 IlI
1694 398 1740 440 p.
1763 384 1884 435 431).
1916 409 1971 413 -κ
2016 383 2062 425 Μ
2095 402 2154 420 z
2187 382 2292 426 Edi.

103 448 169 491 tio
193 445 433 501 Migniana
455 444 657 502 (Patrol.
690 444 774 488 lat.
797 444 914 488 CLV
935 459 1017 501 pp.
1038 444 1307 489 472—4751.
1331 469 1383 472 κ-
1407 444 1450 486 R
1471 461 1529 480 z
1552 444 1712 487 Editio
1738 442 2031 486 Parisiensis
2054 441 2278 499 (Recueil

73 506 227 552 fflist.
260 519 362 549 occ.
394 507 426 548 t.
459 505 526 548 Ill
558 518 638 561 pp.
669 503 940 561 090-893).

247 654 311 708 In
326 661 341 676 ⁸
381 652 613 708 nomine
655 652 883 707 Domini
908 660 935 708 1.
1497 652 1499 654 ’
2363 652 2391 706 l

248 742 491 796 Domino
549 758 652 796 suo
707 742 764 795 et
816 741 968 812 patri
1025 741 1325 803 Manassei,
1382 740 1481 794 Dei
1540 739 1728 810 gratia
1766 736 2079 794 Remorum
2120 758 2288 795 uene-

26 814 30 825 ’
99 817 280 873 rande
322 815 772 886 archiepiscope,
801 816 1113 870 Anselmus
1153 816 1224 870 de
1248 814 1671 878 Ribodimonte,
1714 831 1851 869 suus
1893 814 2074 870 fidelis
2115 815 2287 871 homo

99 892 156 946 et
195 890 452 945 humilis¹¹
492 907 709 953 seruUS,
751 890 998 944 salutem
1018 896 1055 944 2.

245 979 399 1033 Sciat
425 979 972 1042 sublimitasuestra
996 984 1031 1044 3,
1060 979 1376 1034 reuerende
1402 978 1570 1049 pater
1597 978 1653 1032 et
1689 977 1937 1042 domine,
1980 978 2139 1048 quiae
2179 978 2288 1033 etsi
2355 980 2389 1033 2

98 1072 210 1110 non
252 1052 716 1122 praesentialiter
733 1059 772 1116 4,
826 1055 1022 1108 tamen
1065 1053 1338 1108 absentes
1377 1053 1434 1106 in
1477 1051 1742 1107 cordibus
1795 1053 2007 1107 nostris
2048 1070 2082 1106 a
2122 1053 2287 1107 uobis

97 1124 372 1184 auxilium
431 1127 659 1182 cottidie
699 1129 1063 1198 postulamus
1084 1133 1119 1191 ⁵,
1161 1145 1267 1183 nec
1307 1127 1494 1182 solum
1535 1143 1571 1181 a
1611 1126 1777 1181 uobis
1818 1127 1920 1181 scd
1978 1126 2153 1181 etiam
2212 1128 2285 1182 ab

97 1203 362 1262 omnibus
403 1204 640 1256 sanctae
696 1202 897 1256 matris
939 1203 1215 1257 ecclesiae
1266 1202 1569 1257 Remensis
1620 1201 1748 1255 filiis
1769 1206 1804 1265 ⁶,
1856 1202 1912 1255 in
1968 1202 2173 1271 quibus
2225 1202 2282 1256 fi-

87 1276 321 1332 duciam
364 1276 710 1331 maximamd
750 1276 1047 1331 habemus.
1102 1277 1237 1347 quia
1278 1277 1451 1331 etiam
1494 1275 1760 1331 dominus
1816 1277 2010 1330 noster
2051 1277 2188 1330 estis
2229 1278 2284 1331 et

96 1352 267 1406 totius
323 1351 488 1422 regni
528 1351 877 1406 Francorum
921 1352 1171 1405 maxime
1214 1368 1249 1406 a
1286 1351 1451 1405 uobis
1490 1351 1703 1421 pendet
1743 1350 2089 1414 consilium⁶,
2142 1352 2288 1405 noti-'

23 1488 29 1496 ,
94 1427 330 1481 ficamus
371 1426 704 1496 paternitati
742 1428 972 1480 uestrae
1013 1426 1208 1496 aliqua
1249 1425 1318 1480 de
1358 1426 1678 1497 prosperis‘
1726 1426 1782 1479 et
1821 1425 2094 1488 aduersis
2137 1442 2283 1496 quae

26 1515 34 1544 .·
95 1500 261 1570 nobis
302 1501 701 1554 eueneruntff‘s.
742 1501 946 1555 ceteris
986 1517 1122 1554 uero
1162 1517 1266 1571 per
1305 1517 1411 1555 uos
1450 1499 1784 1563 notificetur,
1825 1501 1888 1554 ut
1926 1500 2141 1571 pariter
2182 1518 2292 1574 noy

24 1590 41 1625 :i
93 1575 315 1630 hiscum
369 1574 699 1646 patiamini¹'
757 1576 814 1629 et
868 1575 926 1629 in
977 1575 1269 1646 prosperis
1326 1575 1625 1630 nobiscum
1666 1574 1987 1644 gaudeatis.
2044 1575 2280 1629 manda·
2353 1577 2386 1630 3

35 1716 37 1720 ἲ
93 1649 302 1704 uimusi
356 1649 560 1703 uobis8
614 1649 945 1703 obsidentes
1001 1650 1171 1719 atque
1225 1650 1517 1720 capientes
1572 1649 1844 1703 Nicaeam
1878 1650 1957 1703 'et
2011 1649 2144 1704 inde
2197 1667 2288 1724 re-¹

26 1727 37 1742 '²
87 1724 378 1785 cedentes,
436 1725 616 1779 totam
659 1724 1004 1779 Romaniam
1060 1725 1231 1793 atque
1272 1723 1611 1778 Armeniam
1666 1725 2091 1794 peragrantesk,
2146 1741 2290 1798 quo-¹

25 1800 41 1867 j,
93 1798 263 1854 modo
305 1815 410 1853 nos
438 1798 773 1853 habuimus:
815 1815 967 1853 nunc
993 1800 1154 1853 uero¹
1185 1799 1380 1860 restat,
1412 1799 1475 1852 ut
1499 1798 1569 1852 de
1598 1798 1895 1852 obsidione
1925 1798 2279 1867 Antiochiae,

87 1874 163 1928 *de
217 1873 600 1928 niultismodis
655 1873 923 1944 periculis
977 1873 1092 1927 illic
1131 1872 1467 1944 praelibatis
1487 1878 1523 1936 ⁹,
1579 1873 1650 1926 de
1688 1872 2007 1927 innumeris
2047 1874 2279 1943 proeliis

85 1950 290 2003 contra
316 1965 512 2018 regem
542 1947 820 2019 Galapiae
846 1954 907 2011 1⁰,
936 1951 1136 2002 contra
1163 1947 1585 2002 Damascenum
1653 1954 1712 2006 11,
1756 1949 1953 2002 contra
1993 1948 2154 2002 illum
2183 1940 2288 2023 ad-¹

32 2074 41 2097 Ι,
90 2023 439 2077 ulterum··12
497 2023 1082 2093 Hierosolymitanum
1113 2027 1157 2057 ¹3
1212 2023 1558 2093 perpetratis
1611 2022 2030 2091 aliquantulum
2084 2024 2277 2092 loqua-
2398 2087 2402 2091 ¹

24 2104 49 2140 <s
91 2104 245 2166 mur⁰
273 2103 333 2152 1⁴.
390 2098 629 2152 obsessa
669 2099 757 2151 est
794 2097 966 2166 igitur
1005 2096 1311 2152 Antiochia
1350 2097 1424 2151 ab
1467 2096 1718 2150 exercitu
1747 2096 1972 2151 Domini
2001 2097 2125 2151 XIII
2158 2098 2284 2159 Kal„
2327 2097 2383 2149 4

28 2168 46 2247 ᾖ
82 2171 459 2228 Nouembris¹'
511 2171 684 2226 nimis
723 2172 962 2226 uiriliter
1002 2174 1058 2226 et
1098 2172 1371 2226 audacius
1411 2187 1584 2241 quam
1626 2170 1735 2225 dici
1774 2172 2048 2242 potestffi.
2104 2189 2277 2242 quam

34 2254 41 2289 -’
88 2246 377 2301 inauditos
449 2247 741 2301 conflictus
807 2246 885 2301 ibi
945 2246 1016 2300 ad
1070 2246 1361 2315 quandam
1412 2246 1827 2300 occidentalem
1879 2247 2107 2317 portam
2161 2264 2276 2301 cer-

28 2336 43 2390 '5-
89 2338 256 2375 neres
281 2324 353 2375 1⁶!
408 2338 581 2390 quam
620 2321 960 2376 mirabiliter
998 2321 1128 2375 illos
1167 2338 1270 2392 per
1310 2321 1414 2375 qu
1453 2321 1650 2391 portas
1678 2325 1721 2355 1⁷
1762 2321 2124 2391 prosilientes
2165 2323 2275 2376 cot·

81 2395 238 2458 tidie,
281 2395 329 2449 si
355 2412 631 2466 praesens
660 2396 910 2459 adesses,
951 2395 1202 2450 uideres!
1233 2396 1503 2466 utrisque,
1531 2388 1643 2449 illis
1670 2394 1939 2449 uidelicet
1965 2397 2022 2449 et
2048 2396 2275 2460 nostriS,

33 2485 38 2504 ··
88 2486 191 2541 pro
234 2470 443 2524 saluter
498 2471 555 2524 et
608 2470 728 2524 uita
767 2469 1134 2525 certantibus
1187 2470 1244 2524 in
1287 2471 1399 2524 illis
1440 2469 1711 2524 diebus1⁸
1767 2471 1948 2524 nostri
1988 2471 2274 2541 principes

33 2591 38 2602 .
81 2545 383 2615 cupientes
424 2543 712 2599 ciuitatem
756 2545 941 2614 magis
998 2561 1065 2599 ac
1104 2544 1291 2614 magis
1333 2547 1537 2608 artare,
1594 2544 1932 2598 orientalem
1976 2547 2201 2614 portam
2229 2549 2273 2580 1⁹

32 2651 41 2687 ς
81 2619 223 2674 tuuc
261 2619 507 2690 primum
533 2619 879 2682 obsedimuS,
922 2620 1275 2689 castelloque
1313 2619 1393 2674 ibi
1433 2619 1659 2673 firmato
1682 2623 1747 2681 ²0,
1781 2619 2175 2673 Boemundus³
2213 2620 2272 2673 in

32 2732 37 2747 .
86 2693 191 2748 illo·
222 2694 413 2764 posuit
451 2695 676 2764 partem
717 2695 802 2748 sui
845 2695 1213 2749 exercitus21.
1253 2693 1607 2764 principibus
1648 2696 1841 2748 autem
1885 2695 2096 2748 nostris
2137 2697 2273 2748 tunc
2342 2696 2376 2748 5

34 2787 38 2794 ¹
80 2768 433 2839 temporis&
475 2768 893 2838 aliquantulum
934 2769 1532 2832 intumescentibusffl,
1576 2769 1787 2830 DeUS,
1845 2767 1963 2837 qui
2016 2769 2270 2839 flagel-

42 2908 47 2916 Ι
87 2841 189 2897 lat
229 2859 385 2897 omn
406 2859 506 2896 em
537 2843 800 2906 filium,
843 2861 1051 2913 quem
1079 2843 1402 2912 diligit2⁴‚
1431 2843 1575 2897 adeo
1604 2859 1710 2897 nos
1739 2842 2059 2912 castigauit‚
2090 2845 2150 2897 ut
2178 2844 2272 2897 uix

88 2917 481 2971 inuenirentur
521 2917 679 2971 DCC²
718 2918 937 2987 equites
976 2918 1035 2972 in
1075 2919 1272 2972 nostro
1301 2918 1552 2972 exercitu
1575 2922 1651 2982 25;
1694 2919 1751 2971 et
1774 2934 1890 2972 non
1930 2917 2075 2980 ideo,
2106 2919 2272 2988 quia¹¹

87 2990 348 3046 homines
387 2992 553 3062 probi
593 2993 650 3045 et
689 2992 939 3046 audaces
967 2993 1134 3047 nobis
1162 2993 1444 3055 deessent,
1488 2990 1587 3045 sed
1619 2991 1752 3061 quia
1782 2991 1912 3061 equi
1940 2994 2037 3046 aut
2076 2993 2271 3063 inopia

0 3079 2 3136 ρ
87 3066 270 3120 uictus
319 3068 417 3120 aut
467 3065 762 3121 nimietate
803 3066 1030 3138 frigoris
1070 3067 1188 3122 fere
1228 3083 1430 3120 omnes
1472 3066 1875 3137 perierantwss.
1926 3066 2091 3120 Turci
2130 3083 2268 3121 uero

0 3150 1 3160 ¹
84 3140 248 3209 *equis
303 3140 360 3194 et
410 3139 676 3195 omnibus
732 3142 1071 3195 necessariis
1113 3141 1511 3196 abundantes*
1555 3140 1746 3194 castra
1801 3142 2000 3195 nostra
2040 3141 2268 3196 cottidie

231 3385 248 3400 ¹⁸
277 3377 315 3420 B
349 3380 397 3420 et
430 3377 538 3422 edd.
570 3378 910 3434 praemittunt:
958 3379 1014 3420 In
1045 3382 1221 3421 nomine
1252 3380 1441 3420 Domini
1469 3380 1623 3432 incipit
1670 3380 1858 3432 epistula
1890 3393 2020 3434 quam
2056 3381 2266 3420 transmi-

82 3443 237 3478 serunt
273 3439 418 3480 sancti
449 3439 683 3491 pereyrini
723 3439 801 3493 qui
841 3451 992 3480 amore
1023 3439 1109 3479 Dei
1131 3444 1433 3492 per-remorant
1464 3439 1837 3492 Hierosolymam,
1885 3454 2002 3480 anno
2034 3439 2088 3480 ab
2119 3440 2265 3480 incar·

84 3497 259 3538 natione
281 3497 466 3539 Domini
487 3498 784 3549 MXCVIIIL
818 3503 1009 3551 tempore
1038 3497 1208 3539 Urbani
1214 3511 1378 3552 papae,
1409 3498 1644 3539 indictione
1672 3499 1806 3540 VIIst.
1842 3523 1898 3528 -—
1930 3498 1945 3519 ¹²
1964 3499 2106 3550 fidelis
2137 3499 2264 3540 homo

85 3561 123 3596 et
153 3555 333 3597 humilis
363 3569 520 3598 seruus
554 3557 598 3600 d.
630 3557 678 3600 in
712 3557 768 3600 Α.
801 3583 857 3588 -
890 3563 903 3578 ²
935 3557 1051 3610 quod
1080 3557 1133 3600 B.
1182 3583 1235 3587 —
1279 3558 1295 3579 ‘¹
1327 3570 1434 3598 sane
1464 3557 1705 3599 maximam
1738 3559 1950 3610 fiduciam
1983 3557 2021 3600 B
2056 3557 2175 3602 Edd.
2208 3582 2264 3588 —

80 3619 99 3634 ’·
129 3615 358 3656 concilium
390 3615 444 3659 B.
493 3640 546 3645 —
595 3617 607 3638 s
635 3617 686 3658 de
716 3617 785 3657 his
810 3618 1042 3670 prosperis
1075 3616 1112 3658 B
1146 3616 1265 3660 Edd.
1314 3642 1368 3647 ——
1416 3623 1431 3644 ἕ
1462 3629 1641 3666 euenere
1672 3617 1726 3662 B.
1766 3643 1822 3648 —
1855 3618 1870 3639 ¹¹
1898 3619 2076 3671 pariter
2105 3618 2153 3657 in
2184 3617 2263 3658 ad-

85 3674 226 3715 uersis
255 3675 378 3716 nobis
407 3677 742 3729 compatiamini
769 3675 808 3717 B
840 3675 960 3719 Edd.
1012 3701 1069 3707 —-
1122 3677 1129 3697 ἰ
1159 3676 1420 3717 mandatnm
1453 3682 1514 3718 est
1545 3676 1603 3720 A.
1655 3703 1707 3707 —
1759 3677 1775 3698 ¹‘
1802 3682 2085 3731 peram-antes
2116 3676 2168 3719 B.
2208 3702 2274 3728 -,

85 3731 96 3752 ¹
127 3738 270 3774 autem
302 3733 340 3775 B
373 3733 492 3778 Edd.
526 3759 581 3764 —-
612 3742 637 3756 ¹¹¹
669 3736 931 3776 damascum·
960 3734 1002 3777 A
1035 3734 1072 3777 B
1106 3735 1226 3778 Edd.
1258 3759 1313 3764 —-
1346 3741 1361 3755 ¹¹
1393 3736 1597 3776 ultimum
1629 3736 1669 3778 D
1704 3736 1772 3786 R;
1804 3738 1864 3778 ad
1894 3737 2097 3777 ultimum
2132 3736 2168 3778 B
2202 3736 2262 3780 M,

85 3815 141 3822 —
173 3799 188 3813 ⁰
219 3791 298 3835 hle
331 3792 510 3836 desinit
543 3794 781 3849 epistulae
815 3794 1141 3849 fragmentum
1175 3793 1359 3837 codicis
1393 3794 1446 3837 B.
1470 3802 1560 3825 ——1'
1584 3796 1710 3837 XIII
1730 3797 1836 3839 Kal.
1856 3797 1971 3839 Nou.
1994 3795 2169 3840 desunt
2213 3795 2261 3839 in

85 3848 204 3893 Edd.
236 3877 290 3883 —
323 3858 339 3879 ‘¹
371 3865 448 3894 sex
479 3853 520 3895 A
554 3853 674 3897 Edd.
707 3877 762 3883 —
795 3860 807 3875 ¹
837 3854 1034 3895 libertate
1064 3853 1185 3896 Edd.
1231 3879 1282 3884 —
1316 3860 1327 3875 ⁸
1359 3854 1620 3896 boimundus
1651 3868 1847 3911 semper
1880 3858 1927 3898 et
1958 3855 2081 3898 infra
2117 3855 2172 3901 A.
2206 3880 2260 3885 ——

79 3909 96 3930 ⁴
127 3911 383 3964 septinyenti
415 3911 473 3955 A.
506 3937 561 3941 ——
593 3919 609 3933 ¹¹
642 3913 757 3966 quod
789 3912 847 3955 A.
880 3937 932 3942 -—
968 3919 983 3934 ’
1008 3913 1242 3966 perierunt
1274 3913 1394 3956 Edd.
1426 3938 1482 3945 -
1516 3921 1537 3934 'V
1569 3915 1873 3956 habundantes
1906 3915 1947 3956 A
