2548 4212
292 222 312 269 1
330 222 392 270 18
1231 215 1516 272 Einleitung.

546 368 854 433 Epistula
908 369 1258 418 Manasses
1606 369 1844 419 Ekkeh.
1885 369 2430 433 Hierosolymita

358 473 484 522 Abs.
527 473 574 522 2.
1911 489 1950 522 c.
1992 472 2027 521 I.
2077 473 2117 521 1.

283 578 542 611 rumorem
594 561 644 610 in
696 577 846 610 aures
898 562 1107 610 nostras
1159 560 1360 610 nouiter
1410 577 1522 626 per·
1572 576 1730 610 causa
1781 560 2125 626 expeditionis
2178 578 2275 611 non
2329 564 2458 611 tani

282 635 505 694 uenisse,
570 651 725 699 quam
791 650 890 683 non
954 635 1019 683 ab
1074 635 1359 684 humana
1425 651 1523 699 po·
1572 634 1955 684 humanitus
1997 651 2188 700 quam
2226 635 2457 685 diuini-

283 711 556 767 testate‚
593 709 750 758 immo
803 724 833 757 a
885 708 1109 758 diuina
1160 708 1524 758 maiestate
1574 711 1680 758 tus
1733 709 2045 759 ordinata
2097 711 2215 758 est.

284 783 541 832 credimus
582 782 935 833 descendisse.

355 857 483 906 Abs.
534 857 568 906 3
609 895 620 906 .
661 895 671 906 .
713 895 723 905 .
764 895 774 906 .
827 873 981 921 quem
1023 855 1400 920 (Godefridum)
1442 873 1524 906 ex-

282 931 471 981 ercitus
500 930 691 980 Christi
720 930 944 980 diuina
985 948 1014 980 o
1033 930 1181 981 rdin
1201 930 1385 981 ation
1405 948 1433 981 e
1473 930 1523 980 in

279 1021 460 1070 regem
500 1005 814 1055 sublimauit.

354 1109 481 1158 Abs.
523 1110 553 1158 2
1802 1109 1853 1158 C.
1892 1109 2127 1170 XXXIV,
2172 1112 2231 1161 2:

279 1197 569 1248 Jerusalem
622 1197 818 1247 scilicet
868 1200 1010 1248 stare
1058 1197 1110 1247 in
1151 1198 1358 1248 excelso
1400 1214 1516 1248 cum
1567 1214 1643 1247 no
1664 1197 1828 1248 stris
1898 1198 1959 1248 in
2024 1201 2202 1264 temp
2223 1200 2456 1250 oribus

280 1271 467 1337 gaudio
486 1273 538 1321 et
550 1271 878 1332 iucunditate,
898 1289 1053 1337 quam
1081 1289 1109 1321 n
1125 1288 1154 1321 o
1171 1272 1338 1321 stris
1366 1273 1428 1321 te
1444 1288 1516 1321 m·
1566 1271 1799 1338 respexit
1830 1273 2084 1323 Dominus
2126 1273 2253 1323 Sion
2294 1277 2346 1324 et
2383 1275 2453 1324 ui·

278 1346 560 1411 poribus
628 1363 658 1395 a
718 1346 828 1396 Deo
894 1362 988 1395 suo
1040 1348 1147 1396 tam
1202 1346 1468 1412 glorios
1491 1363 1518 1395 e
1571 1345 1777 1396 debitur
1814 1346 1885 1396 ibi
1923 1347 1974 1396 in
2014 1364 2110 1397 sua
2147 1348 2381 1413 gloria.

281 1420 584 1486 susceperit.
663 1470 666 1473 .

353 1525 476 1574 ibid.
1737 1532 1742 1536 ’
1882 1542 1923 1575 c.
1961 1525 2048 1584 IV,
2096 1527 2137 1575 1.

352 1614 656 1672 Jerusalem,
726 1614 851 1663 urbs
914 1615 1192 1663 nostrae
1268 1615 1512 1677 redem-
1569 1616 1707 1663 terra
1769 1614 2221 1679 repromissioniS,
2287 1618 2456 1666 mater
2504 1643 2517 1681 ·3

277 1688 537 1753 ptionis
578 1689 630 1737 et
668 1687 847 1752 gloria,
877 1688 1120 1753 gaudio
1160 1689 1408 1753 gaudet
1445 1688 1513 1737 in·
1567 1689 1844 1737 nostrae
1893 1689 2405 1754 redemptionis,
2506 1688 2521 1789 Ξ

278 1762 537 1827 opinabili.
1807 1808 1847 1841 C·
1886 1791 2119 1851 XXXIV'
2166 1795 2212 1842 2·

1567 1882 1856 1946 gaudete
1883 1881 2128 1946 gaudio
2156 1898 2338 1932 omnes
2369 1883 2457 1948 qui

1565 1955 1827 2021 lugebatis
1868 1971 2025 2021 super
2065 1973 2206 2023 eam„

352 2060 476 2108 Abs.
518 2060 566 2108 4.
1844 2076 1884 2108 c.
1924 2059 2082 2118 XXII,
2126 2060 2174 2110 3.

277 2165 680 2207 commonemus,
708 2150 964 2213 quatenus
993 2164 1190 2206 omnes,
1218 2148 1305 2213 qui
1330 2165 1516 2198 uouen-
1566 2165 1689 2198 mox
1727 2148 1980 2213 profectio
2031 2149 2286 2213 populosa
2334 2150 2450 2199 sub·
2495 2198 2499 2205 ,

275 2224 357 2272 tes
396 2223 496 2273 iter
530 2223 733 2288 signum
775 2222 939 2272 crucis
980 2238 1137 2287 super
1176 2239 1235 2272 se
1274 2222 1518 2282 fecerunt,
1566 2222 1815 2288 sequitur,
1873 2239 2007 2287 quae
2063 2224 2187 2287 post
2248 2223 2451 2274 auditas

277 2298 342 2347 ad
354 2297 786 2363 proficiscendum
800 2296 1093 2347 Jerusalem
1108 2297 1517 2347 subueniendum
1564 2297 1699 2346 ultra
1739 2313 1899 2361 spem,
1927 2313 2014 2346 res
2054 2297 2451 2362 Hierosolymae
2487 2339 2490 2343 .

274 2371 522 2421 fratribus
570 2371 679 2420 suis
732 2371 1089 2420 comminando
1130 2371 1511 2436 constringatis,
1558 2387 1812 2436 prospere
1839 2372 2035 2436 gestaS,
2079 2388 2110 2420 a
2147 2387 2173 2420 r
2187 2372 2284 2422 esi
2300 2373 2330 2421 d
2349 2389 2375 2421 u
2394 2373 2451 2422 is
2517 2394 2522 2396 ·

276 2445 321 2495 si
359 2446 593 2511 uigent
619 2461 900 2511 corpore
930 2448 983 2495 et
1008 2446 1176 2495 unde
1215 2446 1350 2495 iter
1374 2462 1511 2511 per·
1559 2445 1775 2495 totius
1817 2445 2202 2495 occidentis
2243 2448 2473 2511 genti-⁴

275 2520 487 2570 ficere
525 2520 797 2586 possint
836 2519 1467 2570 habuerint.·cetero
1486 2520 1524 2568 s‘
1560 2521 1697 2579 bus,
1726 2520 2009 2569 maxime
2037 2520 2447 2586 abhiS‚quorum

274 2596 446 2644 autem
474 2591 568 2659 per
593 2593 1005 2660 praedicationes
1045 2595 1252 2644 uestras
1281 2610 1512 2644 monere.
1561 2611 1594 2659 p
1609 2593 1710 2643 riu
1724 2610 1749 2643 s
1777 2594 1942 2644 uotis
1969 2594 2085 2644 tim
2101 2612 2131 2645 o
2147 2612 2172 2645 r
2199 2612 2231 2644 u
2246 2596 2306 2644 el
2332 2596 2364 2644 d
2378 2595 2395 2644 i
2408 2595 2445 2645 f-

334 2690 336 2692 *
1563 2668 1879 2727 fidentia,
1931 2668 2161 2734 inopia
2198 2670 2308 2718 uel
2346 2670 2449 2719 im-

1563 2742 1917 2792 becillitas
2008 2743 2486 2803 obstiterant,

1560 2817 1728 2867 denuo
1767 2817 2062 2883 parabatur.

419 2935 541 2985 Wie
595 2935 678 2985 die
716 2934 965 3000 Epistula,
1019 2935 1146 2985 Abs.
1188 2936 1235 2994 4,
1289 2937 1387 2984 den
1427 2936 1700 2986 Ausdruck
1746 2937 1999 3002 „populus
2041 2936 2167 2986 Dei“
2230 2937 2307 2986 als
2346 2937 2444 2986 Be·
2546 2924 2548 2967 3

273 3009 555 3074 zeichnung
609 3010 702 3058 des
756 3009 1114 3060 Kreuzheeres
1168 3010 1466 3074 gebraucht,
1522 3027 1581 3060 so
1637 3011 1727 3061 hat
1765 3011 2043 3061 Ekkehard
2083 3011 2154 3060 im
2195 3011 2440 3061 Hieroso·
2544 3066 2547 3078 ,⁴

270 3083 452 3146 lymita
491 3084 589 3134 den
628 3083 918 3133 namlichen
957 3083 1230 3133 Ausdruck
1281 3084 1331 3133 in
1372 3085 1465 3134 der
1503 3085 1738 3150 gleichen
1776 3085 2084 3151 Bedeutung
2126 3101 2166 3134 c.
2207 3085 2341 3144 XIII,
2383 3086 2468 3144 2,
2544 3082 2547 3114 ἶ

270 3157 381 3217 ΧΧ,
436 3158 493 3215 Q
534 3157 693 3216 XXV,
748 3159 806 3218 93
862 3157 1045 3216 XXVI,
1086 3158 1133 3207 2.
1211 3158 1355 3207 Dazu
1408 3158 1622 3217 kommt,
1680 3160 1806 3209 dass
1862 3160 1954 3209 der
2008 3159 2161 3209 Brief
2211 3159 2290 3208 als
2331 3159 2443 3208 eine
2475 3195 2493 3211 .,

269 3231 553 3295 Encyklika
617 3231 770 3282 weite
825 3231 1173 3296 Verbreitung
1225 3232 1486 3296 gesunden
1550 3233 1721 3282 haben
1784 3234 1888 3282 und
1952 3234 2092 3283 wohl
2157 3234 2286 3282 auch
2342 3234 2441 3283 den
2472 3237 2494 3310 g
2546 3278 2548 3284 4

269 3306 521 3356 Mouchen
559 3306 610 3355 in
649 3306 1000 3356 Deutschland
1038 3305 1179 3355 nicht
1216 3306 1514 3355 unbekannt
1551 3307 1826 3371 geblieben
1867 3307 1980 3356 sein
2021 3307 2165 3356 wird.
2547 3325 2548 3335 ¹

416 3409 952 3458 Handschriften
994 3409 1167 3458 dieses
1206 3409 1410 3458 Briefes
1451 3409 1569 3459 sind
1607 3427 1696 3460 zur
1737 3410 1846 3460 Zeit
1885 3427 1978 3460 nur
2018 3411 2149 3460 noch
2189 3411 2316 3461 zwei
2356 3411 2438 3460 be·
2472 3413 2491 3478 a}
2540 3391 2548 3452 Ἀ

268 3482 442 3543 kannt,
481 3483 633 3533 beide
673 3499 767 3532 aus
808 3483 900 3533 der
926 3482 1366 3533 Stadtbibliothek
1395 3499 1456 3532 zu
1494 3484 1728 3534 Arras:
1769 3490 1824 3533 ΠΟ
1858 3485 1975 3543 140,
2004 3484 2085 3534 ein
2111 3485 2439 3550 Pergament-
2477 3499 2486 3542 ζ

269 3556 408 3605 band
446 3573 540 3606 aus
580 3558 699 3606 dem
737 3557 896 3606 XVII.
922 3557 1274 3608 Jahrhundert
1298 3555 1397 3622 (A),
1424 3558 1527 3606 und
1554 3559 1616 3606 n⁰
1646 3560 1766 3618 222,
1793 3558 1907 3607 eine
1933 3557 2441 3624 Papierhandschrifl:

270 3646 363 3679 aus
404 3630 523 3679 dem
561 3630 743 3681 XVIII.
782 3631 1130 3681 Jahrhundert
1169 3631 1231 3692 (A
1246 3632 1298 3694 ¹),
1350 3630 1618 3681 dieselben
1658 3632 2079 3692 Handschriften,
2118 3632 2168 3681 in
2210 3633 2478 3697 welcheng,
2544 3670 2548 3679 ,

270 3704 398 3753 auch
428 3705 519 3753 der
546 3721 644 3754 von
673 3721 769 3754 uns
798 3705 894 3754 sub
921 3706 969 3755 II
996 3705 1193 3755 edierte
1218 3705 1367 3755 Brief
1380 3705 1585 3756 Urbans
1610 3706 1659 3756 II
1685 3706 1796 3755 sich
1823 3706 1986 3756 findet
2012 3706 2071 3768 (S.
2100 3707 2228 3756 Einl.
2252 3706 2303 3756 S.
2332 3705 2436 3768 46).
2461 3707 2480 3754 4
2537 3748 2539 3761 2

267 3776 411 3826 Nach
449 3778 635 3828 Riants
675 3780 908 3844 Angabe,
960 3780 1152 3829 Invent.
1206 3780 1328 3838 206,
1380 3779 1480 3829 soll
1531 3780 1625 3830 der
1679 3779 1868 3839 CodeX‚
1924 3797 2018 3830 aus
2074 3781 2194 3830 dem
2246 3779 2433 3829 Baluze
2468 3775 2481 3810 ’ἒ

270 3851 369 3900 den
409 3851 542 3900 Text
581 3869 641 3902 zu
682 3853 854 3902 seiner
891 3853 1138 3919 Ausgahe
1190 3855 1519 3903 eninommen
1560 3854 1675 3914 hat,
1719 3854 1956 3904 verloren
1994 3870 2268 3920 gegangen
2309 3852 2435 3911 sein,
2459 3859 2474 3878 '·
2535 3873 2537 3899 2

270 3924 402 3974 doch
456 3925 683 3975 weichen
741 3926 823 3976 die
877 3927 1006 3977 noch
1046 3927 1410 3978 vorhandenen
1465 3927 1571 3977 fast
1608 3944 1703 3993 gar
1743 3928 1882 3977 nicht
1922 3944 2040 3977 vom
2082 3927 2430 3978 Baluzeschen
