2548 4212
354 210 522 255 XXIII.
558 236 608 242 —
643 211 854 268 Epistula
885 210 1128 254 Paschalis
1160 211 1204 255 II
1233 223 1387 268 papae
1421 209 1482 252 ad
1514 210 1723 254 eonsules
1754 208 1961 253 Pisanos.
2155 215 2252 266 181

54 363 188 422 'bus
226 376 328 432 pro
367 375 537 430 posse
576 359 1264 415 recommendahimus32.
1316 376 1428 430 quo
1470 359 1622 414 eirea
1643 363 1693 395 33
1743 358 1847 413 Dei
1887 358 2160 413 ecelesias
2199 357 2258 411 in

78 435 311 491 Oriente
332 437 383 468 34
445 450 550 504 per
587 450 693 488 uos
734 435 906 504 atque
947 451 1123 490 censu
1160 433 1527 506 patriarchae
1566 434 1685 488 iam
1725 432 1860 487 dieti
1899 431 2258 487 restauratas

76 511 252 580 atque
293 523 442 578 quae
480 508 679 562 nostra
718 508 1007 564 sententia
1044 509 1132 574 sit,
1171 508 1344 580 plane
1371 507 1537 563 uobis
1565 509 1825 563 oratores
1865 506 2044 562 uestri
2083 506 2257 577 signi-

82 582 354 642 ficabunt:
413 581 686 651 pietatem
741 582 972 637 interim
1026 584 1282 638 uestram
1323 583 1646 647 exorantes
1703 582 1766 636 ut
1804 581 1964 653 operi
2018 581 2135 636 iam
2174 580 2257 635 in-

76 657 279 728 -coepto
319 671 593 725 magnam
634 672 775 710 sane
805 656 972 711 uobis
1013 657 1070 712 et
1122 656 1342 712 ciuitati
1380 657 1610 711 uestrae
1652 656 1900 727 gloriam
1952 656 2124 726 atque
2164 671 2257 708 ex-

76 730 412 787 altationem
440 729 723 794 adlatnro,
751 730 923 785 finem
951 729 1303 787 laudabilem
1328 731 1639 803 imponatis
1659 734 1725 785 35.
1766 731 2020 785 ceterum
2051 728 2259 799 legatis

80 804 289 864 nostris
339 802 523 875 primo
579 803 835 869 Ianuam,
888 805 1093 860 deinde
1148 805 1208 860 in
1247 804 1574 861 Sardiniam
1612 804 1968 877 profecturis»,
2023 803 2073 859 si
2112 803 2259 859 forte

81 878 350 936 Pisanum
400 879 631 949 portum
671 878 967 949 attigerint
985 885 1051 946 36,
1105 881 1170 935 ut
1220 880 1302 936 eis
1343 879 1622 935 auxilium
1662 881 1935 943 uestrum,
1976 878 2260 949 quatenus

76 970 223 1025 opus
256 952 442 1017 fuerit,
471 952 804 1018 exhibeatiS‚
844 953 1129 1010 instanter
1158 954 1537 1026 postulamUS‚
1579 954 1828 1024 gratiam
1861 953 2067 1008 deinde
2107 953 2259 1006 nost-

81 1043 206 1086 ram
246 1043 374 1081 cum
414 1026 732 1098 apostoliea
769 1026 1172 1084 benedictione
1213 1029 1386 1099 atque
1427 1028 1480 1084 S.
1521 1029 1823 1084 Romanae
1875 1028 2029 1083 sedis
2068 1028 2259 1099 patro-

78 1101 291 1157 cinium
330 1100 496 1156 uobis
535 1119 852 1172 numquam
891 1103 1221 1158 defuturum
1259 1102 1612 1175 pollicentes,

227 1175 438 1230 Datum
478 1175 699 1231 Romae
738 1177 1104 1248 pontificatus
1143 1178 1327 1234 nostri
1367 1195 1519 1233 anno
1561 1177 1812 1233 secundo
1834 1181 1900 1234 3⁷.

2315 726 2387 785 10

2320 1174 2388 1230 11
